@article{hoefler,
    author={Hoefler, T. and Schneider, T. and Lumsdaine, A.},
    booktitle={High Performance Interconnects, 2009. HOTI 2009. 17th IEEE Symposium on},
    title={Optimized Routing for Large-Scale InfiniBand Networks},
    year={2009},
    pages={103-111},
    doi={10.1109/HOTI.2009.9},
    ISSN={1550-4794},}

@article{nienaber,
     author = {Nienaber, Wickus and Yuan, Xin and Duan, Zhenhai},
     title = {On LID Assignment in infiniBand Networks},
     booktitle = {Proceedings of the 3rd ACM/IEEE Symposium on Architecture for Networking and Communications Systems},
     series = {ANCS '07},
     year = {2007},
     isbn = {978-1-59593-945-6},
     location = {Orlando, Florida, USA},
     pages = {97--106},
     numpages = {10},
     url = {http://doi.acm.org/10.1145/1323548.1323567},
     doi = {10.1145/1323548.1323567},
     acmid = {1323567},
     publisher = {ACM},
     address = {New York, NY, USA},
     keywords = {LID assignment, infiniBand, np-complete},
}

@article{behjat,
     author = {Behjat, Laleh and Vannelli, Anthony and Rosehart, William},
     title = {Integer Linear Programming Models for Global Routing},
     journal = {INFORMS J. on Computing},
     issue_date = {Spring 2006},
     volume = 18,
     number = 2,
     month = {jan},
     year = 2006,
     doi = {10.1287/ijoc.1040.0127},
     acmid = {1245449},
     publisher = {INFORMS},
     address = {Institute for Operations Research and the Management Sciences (INFORMS), Linthicum, Maryland, USA},
}

@article{asquith,
     author = {Asquith, Matthew and Gudmundsson, Joachim and Merrick, Damian},
     title = {An ILP for the Metro-line Crossing Problem},
     journal = {Proceedings of the Fourteenth Symposium on Computing: The Australasian Theory - Volume 77},
     series = {CATS '08},
     year = {2008},
     isbn = {978-1-920682-58-3},
     location = {Wollongong, NSW, Australia},
     pages = {49--56},
     numpages = {8},
     url = {http://dl.acm.org/citation.cfm?id=1379361.1379370},
     acmid = {1379370},
     publisher = {Australian Computer Society, Inc.},
     address = {Darlinghurst, Australia, Australia},
}

@book{Sherwani,
     author = {Sherwani, Naveed A.},
     title = {Algorithms for VLSI Physical Design Automation},
     year = {1993},
     isbn = {0792392949},
     publisher = {Kluwer Academic Publishers},
     address = {Norwell, MA, USA},
}

@book{Vanderbei,
        author = {Robert J. Vanderbei},
        title = {Linear Programming: Foundations and Extensions},
        year = {1996}
}

@book{saxena,
      author = {Saxena, Prashant and Shelar, Rupesh S. and Sapatnekar, Sachin S.},
      ee = {http://dx.doi.org/10.1007/0-387-48550-3},
      pages = {I-XIV, 1-248},
      publisher = {Springer},
      series = {Series on integrated circuits and systems},
      title = {Routing Congestion in VLSI Circuits - Estimation and Optimization.},
      year = 2007
}

@article{wu,
      author = {Wu, Tai-Hsuan and Davoodi, Azadeh and Linderoth, Jeffrey T.},
      ee = {http://dx.doi.org/10.1109/TCAD.2010.2066030},
      journal = {IEEE Trans. on CAD of Integrated Circuits and Systems},
      pages = {72-84},
      title = {GRIP: Global Routing via Integer Programming.},
      volume = 30,
      year = 2011
}

@article{Vannelli,
        author = {Vannelli, Anthony},
        ee = {http://doi.ieeecomputersociety.org/10.1109/43.68406},
        journal = {IEEE Trans. on CAD of Integrated Circuits and Systems},
        pages = {193-203},
        title = {An adaptation of the interior point method for solving the global routing problem.},
        volume = 10,
        year = 1991
}

@incollection{nollenburg,
    year={2010},
    isbn={978-3-642-11804-3},
    booktitle={Graph Drawing},
    volume={5849},
    series={Lecture Notes in Computer Science},
    editor={Eppstein, David and Gansner, Emden R.},
    doi={10.1007/978-3-642-11805-0_36},
    title={An Improved Algorithm for the Metro-line Crossing Minimization Problem},
    url={http://dx.doi.org/10.1007/978-3-642-11805-0_36},
    publisher={Springer Berlin Heidelberg},
    author={Nollenburg, Martin},
    pages={381-392}
}

@article{argyriou,
      author = {Evmorfia N. Argyriou and
                Michael A. Bekos and
                Michael Kaufmann and
                Antonios Symvonis},
      title = {On Metro-Line Crossing Minimization},
      journal = {J. Graph Algorithms Appl.},
      volume = {14},
      number = {1},
      year = {2010},
      pages = {75-96},
      ee = {http://jgaa.info/accepted/2010/ArgyriouBekosKaufmannSymvonis2010.14.1.pdf},
      bibsource = {DBLP, http://dblp.uni-trier.de}
}

@online{mcnc,
    author = {Chen, Xiaolei},
    title = {MCNC Golden 20 FPGA Benchmarks},
    howpublished = "\url{https://sites.google.com/site/xiaoleicustc/research/mcnc}",
}
